@book{marghitu_2009_mechanisms,
  author = {Marghitu, Dan B},
  publisher = {Dordrecht Springer},
  title = "{Mechanisms and Robots Analysis with MATLAB}",
  year = {2009}
}

@book{handbook, 
	place={San Diego}, 
	edition={5}, 
	title={Handbook of modern sensors: physics, designs, and applications}, 
	pages={453-484},
	volume={1}, 
	publisher={Springer International Publishing Switzerland}, author={Fraden, Jacob}, 
	year={2016}
}

