@book{tk1,
  author = {Trinh, Chat and Le, Uyen Van},
  edition = {6},
  publisher = {Vietnam Education Publishing House Limited},
  title = {Thiet Ke He Dan Dong Co Khi},
  volume = {1},
  year = {2006}
}

@book{tk2,
  author = {Trinh, Chat and Le, Uyen Van},
  edition = {6},
  publisher = {Vietnam Education Publishing House Limited},
  title = {Thiet Ke He Dan Dong Co Khi},
  volume = {2},
  year = {2006}
}
