@book{marghitu_2009_mechanisms,
  author = {Marghitu, Dan B},
  publisher = {Dordrecht Springer},
  title = "{Mechanisms and Robots Analysis with MATLAB}",
  year = {2009}
}

@book{handbook, 
	place={San Diego}, 
	edition={5}, 
	title={Handbook of modern sensors: physics, designs, and applications}, 
	pages={453-484},
	volume={1}, 
	publisher={Springer International Publishing Switzerland}, author={Fraden, Jacob}, 
	year={2016}
}

@book{bolton2015mechatronics,
	title={Mechatronics: Electronic control systems in mechanical and electrical engineering},
	author={Bolton, W.},
	isbn={9781292081595},
	lccn={2014041487},
	url={https://books.google.com.vn/books?id=ql1TDwAAQBAJ},
	year={2015},
	publisher={Pearson Education Limited}
}
