@book{marghitu_2009_mechanisms,
  author = {Marghitu, Dan B},
  publisher = {Dordrecht Springer},
  title = "{Mechanisms and Robots Analysis with MATLAB}",
  year = {2009}
}

@book{li_1984_hng,
  author = {Khac Liem, Lai},
  publisher = {Service Education School HCMC},
  title = "{Huong dan Thiet ke Mon hoc Nguyen Ly May}",
  year = {1984}
}
