@book{marghitu_2009_mechanisms,
  author = {Marghitu, Dan B},
  publisher = {Dordrecht Springer},
  title = {Mechanisms and robots analysis with MATLAB},
  year = {2009}
}

@book{li_1984_hng,
  author = {Lai, Khac Liem},
  publisher = {Service Education School HCMC},
  title = {Huong dan thiet ke mon hoc nguyen ly may},
  year = {1984}
}